@article{non-uniformity,
   title={Magnetic-field uniformity in neutron electric-dipole-moment experiments},
   volume={99},
   ISSN={2469-9934},
   url={http://dx.doi.org/10.1103/PhysRevA.99.042112},
   DOI={10.1103/physreva.99.042112},
   number={4},
   journal={Physical Review A},
   publisher={American Physical Society (APS)},
   author={Abel, C. and Ayres, N. J. and Baker, T. and Ban, G. and Bison, G. and Bodek, K. and Bondar, V. and Crawford, C. B. and Chiu, P.-J. and Chanel, E. and et al.},
   year={2019},
   month={Apr}
}
